<?xml version="1.0" encoding="UTF-8"?><collection xmlns="http://www.loc.gov/MARC21/slim"><record><leader>00352nam--2200121-i-4500</leader><controlfield tag="001">000037164</controlfield><controlfield tag="002">20161230</controlfield><controlfield tag="005">20161230201041</controlfield><controlfield tag="008">060222s1000------------r-----000-0-eng-d</controlfield><datafield ind1=" " ind2=" " tag="080"><subfield code="a">37(061.3)</subfield></datafield><datafield ind1=" " ind2=" " tag="245"><subfield code="a">Programul celei de a vii-a sesiuni stiintifice a cadrelor didactice 20-26 iunie 1959</subfield></datafield><datafield ind1=" " ind2=" " tag="260"><subfield code="a">Bucuresti, Univ.C.I.Parhon,1959. 116p</subfield></datafield><datafield ind1=" " ind2=" " tag="852"><subfield code="a">47561</subfield></datafield></record></collection>